@article{blondel2013front,
  title={Front progression in the East model},
  author={Blondel, Oriane},
  journal={Stochastic Processes and their Applications},
  volume={123},
  number={9},
  pages={3430--3465},
  year={2013},
  publisher={Elsevier}
}

@article{durrett1983supercritical,
  title={Supercritical contact processes on {Z}},
  author={Durrett, Richard and Griffeath, David},
  journal={The Annals of Probability},
  pages={1--15},
  year={1983},
  publisher={JSTOR}
}

@article{peres2015mixing,
  title={Mixing times are hitting times of large sets},
  author={Peres, Yuval and Sousi, Perla},
  journal={Journal of Theoretical Probability},
  volume={28},
  number={2},
  pages={488--519},
  year={2015},
  publisher={Springer}
}

@article{cancrini2008kinetically,
  title={Kinetically constrained spin models},
  author={Cancrini, Nicoletta and Martinelli, Fabio and Roberto, Cyril and Toninelli, Cristina},
  journal={Probability Theory and Related Fields},
  volume={140},
  number={3-4},
  pages={459--504},
  year={2008},
  publisher={Springer}
}