@article{blondel2018front,
  title={Front evolution of the {Fredrickson-Andersen} one spin facilitated model},
  author={Blondel, Oriane and Deshayes, Aurelia and Toninelli, Cristina},
  journal={arXiv preprint arXiv:1803.08761},
  year={2018}
}

@article{durrett1983supercritical,
  title={Supercritical contact processes on {Z}},
  author={Durrett, Richard and Griffeath, David},
  journal={The Annals of Probability},
  pages={1--15},
  year={1983},
  publisher={JSTOR}
}

@book{levin2017markov,
  title={Markov chains and mixing times},
  author={Levin, David A and Peres, Yuval},
  volume={107},
  year={2017},
  publisher={American Mathematical Soc.}
}

@article{durrett1980growth,
  title={On the growth of one dimensional contact processes},
  author={Durrett, Richard},
  journal={The Annals of Probability},
  pages={890--907},
  year={1980},
  publisher={JSTOR}
}

@book{griffeath1979additive,
  title={Additive and cancellative interacting particle systems},
  author={Griffeath, David},
  volume={724},
  year={1979},
  publisher={Springer}
}

@article{harris1974contact,
  title={Contact interactions on a lattice},
  author={Harris, Theodore E},
  journal={The Annals of Probability},
  pages={969--988},
  year={1974},
  publisher={JSTOR}
}

@incollection{liggett1977stochastic,
  title={The stochastic evolution of infinite systems of interacting particles},
  author={Liggett, Thomas M},
  booktitle={Ecole dâ€™Et{\'e} de Probabilit{\'e}s de Saint-Flour VI-1976},
  pages={187--248},
  year={1977},
  publisher={Springer}
}

@book{liggett2012interacting,
  title={Interacting particle systems},
  author={Liggett, Thomas Milton},
  volume={276},
  year={2012},
  publisher={Springer Science \& Business Media}
}

@article{ganguly2015cutoff,
  title={Cutoff for the East process},
  author={Ganguly, Shirshendu and Lubetzky, Eyal and Martinelli, Fabio},
  journal={Communications in Mathematical Physics},
  volume={335},
  number={3},
  pages={1287--1322},
  year={2015},
  publisher={Springer}
}